<record><leader>00000cas a22000007a 4500</leader><controlfield tag="001">11480162</controlfield><controlfield tag="008">841211d18901921wiudr ne      0   a0eng d</controlfield><datafield ind1=" " ind2=" " tag="010"><subfield code="a">sn 84025142 </subfield></datafield><datafield ind1=" " ind2=" " tag="040"><subfield code="a">NPV</subfield><subfield code="b">eng</subfield><subfield code="c">NPV</subfield><subfield code="d">MGN</subfield><subfield code="d">NVF</subfield><subfield code="d">OCLCQ</subfield><subfield code="d">IUL</subfield><subfield code="d">OCLCF</subfield></datafield><datafield ind1=" " ind2=" " tag="042"><subfield code="a">msc</subfield></datafield><datafield ind1=" " ind2=" " tag="043"><subfield code="a">n-us-wi</subfield></datafield><datafield ind1=" " ind2=" " tag="045"><subfield code="a">w9x2</subfield></datafield><datafield ind1=" " ind2=" " tag="052"><subfield code="a">4123</subfield><subfield code="b">D3</subfield></datafield><datafield ind1="0" ind2=" " tag="130"><subfield code="a">Madison Democrat (Madison, Wis. : Daily)</subfield></datafield><datafield ind1="1" ind2="4" tag="245"><subfield code="a">The Madison Democrat.</subfield></datafield><datafield ind1=" " ind2=" " tag="260"><subfield code="a">Madison, Wis. :</subfield><subfield code="b">Democratic Print. Co.,</subfield><subfield code="c">1890-1921.</subfield></datafield><datafield ind1=" " ind2=" " tag="300"><subfield code="a">60 v. :</subfield><subfield code="b">ill.</subfield></datafield><datafield ind1=" " ind2=" " tag="310"><subfield code="a">Daily</subfield></datafield><datafield ind1="0" ind2=" " tag="362"><subfield code="a">Vol. 45, no. 17 (July 20, 1890)-v. 105, no. 49 (Feb. 27, 1921).</subfield></datafield><datafield ind1=" " ind2=" " tag="530"><subfield code="a">Available on microfilm from The State Historical Society of Wisconsin.</subfield></datafield><datafield ind1=" " ind2=" " tag="580"><subfield code="a">Semi-weekly ed.: Madison Democrat (Madison, Wis. : 1890), 1890-&lt;1905&gt;.</subfield></datafield><datafield ind1=" " ind2="0" tag="651"><subfield code="a">Madison (Wis.)</subfield><subfield code="v">Newspapers.</subfield></datafield><datafield ind1=" " ind2="0" tag="651"><subfield code="a">Dane County (Wis.)</subfield><subfield code="v">Newspapers.</subfield></datafield><datafield ind1=" " ind2="7" tag="651"><subfield code="a">Wisconsin</subfield><subfield code="z">Dane County.</subfield><subfield code="2">fast</subfield><subfield code="0">(OCoLC)fst01208496</subfield></datafield><datafield ind1=" " ind2="7" tag="651"><subfield code="a">Wisconsin</subfield><subfield code="z">Madison.</subfield><subfield code="2">fast</subfield><subfield code="0">(OCoLC)fst01205840</subfield></datafield><datafield ind1=" " ind2="7" tag="655"><subfield code="a">Newspapers.</subfield><subfield code="2">fast</subfield><subfield code="0">(OCoLC)fst01423814</subfield></datafield><datafield ind1=" " ind2=" " tag="752"><subfield code="a">United States</subfield><subfield code="b">Wisconsin</subfield><subfield code="c">Dane</subfield><subfield code="d">Madison.</subfield></datafield><datafield ind1="1" ind2=" " tag="775"><subfield code="t">Madison Democrat (Madison, Wis. : 1890)</subfield><subfield code="w">(DLC)sn 87082844</subfield><subfield code="w">(OCoLC)16781738</subfield></datafield><datafield ind1="0" ind2="0" tag="780"><subfield code="t">Madison daily Democrat</subfield><subfield code="w">(DLC)sn 84025141</subfield><subfield code="w">(OCoLC)11479811</subfield></datafield><datafield ind1="0" ind2="4" tag="785"><subfield code="t">Wisconsin state journal (Madison, Wis. : 1862)</subfield><subfield code="x">0749-405X</subfield><subfield code="w">(DLC)sn 84007116</subfield><subfield code="w">(OCoLC)5025315</subfield></datafield></record>